
@book{evans2003write,
  title={{How to write a better thesis}},
  author={Evans, D. and Gruba, P.},
  year={2003},
  publisher={Melbourne University Publishing}
}

@book{murray2006write,
  title={{How to write a thesis}},
  author={Murray, R.},
  year={2006},
  publisher={Open Univ Press}
}


@misc{howtothesis, 
  title ={{How Thesis Get Written}}, 
  author ={Easterbrook, S.}, 
  howpublished  = {\url{http://www.cs.toronto.edu/~sme/presentations/thesiswriting.pdf}}, 
	year ={Last accessed on May 19, 2010.} 
}

@misc{getthesis, 
  title ={{How to Write a Thesis: \textit{A Working Guide}}}, 
  author ={Chandrasekhar, R.}, 
  howpublished  = {\url{http://ciips.ee.uwa.edu.au/pub/HowToWriteAThesis.pdf}}, 
	year ={Last accessed on May 19, 2010.} 
}

@book{barrass2002scientists,
  title={{Scientists must write: a guide to better writing for scientists, engineers and students}},
  author={Barrass, R.},
  year={2002},
  publisher={RoutledgeFalmer}
}

@article{huang2024superflow,
  title={{SuperFlow: A Fully-Customized RTL-to-GDS Design Automation Flow for Adiabatic Quantum-Flux-Parametron Superconducting Circuits}},
  author={Huang, L. and others},
  journal={arXiv preprint arXiv:2407.18209},
  year={2024}
}

@inproceedings{acharya2022performance,
  title={{Performance Analysis of RTL to GDS-II Flow in Open-source Tool Qflow and Commercial Tool Cadence Encounter for Synchronous FIFO}},
  author={Acharya, D. and Mehta, U. S.},
  booktitle={2022 IEEE International Conference of Electron Devices Society Kolkata Chapter (EDKCON)},
  location={Kolkata, India},
  year={2022}
}

@article{hill2004guest,
  title={{Guest Editors' Introduction: RTL to GDSIIâ€”From foilware to standard practice}},
  author={Hill, D. and Kahng, A. B.},
  journal={IEEE Design \& Test of Computers},
  volume={21},
  number={1},
  pages={9--10},
  year={2004}
}


